@book{JenkinsGuide,
  author    = {John Ferguson Smart},
  title     = {Jenkins - The Definitive Guide: Continuos Integration for the Masses:
               also Covers Hudson},
  publisher = {O'Reilly},
  year      = {2011},
  url       = {https://www.oreilly.com/library/view/jenkins-the-definitive/9781449311155/},
  isbn      = {978-1-449-30535-2},
}

@book{JenkinsCD,
  author    = {Rafał Leszko},
  title     = {Continuous Delivery with Docker and Jenkins: Delivering software at scale},
  publisher = {Packt Publishing Ltd.},
  year      = {2017},
  url       = {https://www.oreilly.com/library/view/continuous-delivery-with/9781787125230/},
  isbn      = {978-1-78712-523-0},
}

@book{BDD,
  author    = {John Ferguson Smart},
  title     = {BDD in Action: Behavior-Driven Development for the whole software lifecycle},
  publisher = {Manning Publications},
  year      = {2014},
  url       = {https://www.oreilly.com/library/view/bdd-in-action/9781617291654/},
  isbn      = {978-1617291654},
}

@book{Cucumber,
  author    = {Matt Wynne, Aslak Hellesøy},
  title     = {The Cucumber Book: Behaviour-Driven Development for Testers and Developers},
  publisher = {Pragmatic Bookshelf},
  year      = {2012},
  url       = {https://pragprog.com/book/hwcuc/the-cucumber-book},
  isbn      = {978-1-93435-680-7},
}

@article{CIArticle,
  author    = {Mojtaba Shahin, Muhammad Ali Babar, Liming Zhu},
  title     = {Continuous Integration, Delivery and Deployment: {A} Systematic Review
               on Approaches, Tools, Challenges and Practices},
  journal   = {{IEEE} Access},
  volume    = {5},
  pages     = {3909--3943},
  year      = {2017},
  url       = {https://doi.org/10.1109/ACCESS.2017.2685629},
  doi       = {10.1109/ACCESS.2017.2685629},
}

@book{CIBook,
  author    = {Rossel, Sander},
  title     = {Continuous Integration, Delivery, and Deployment},
  publisher = {Packt Publishing},
  year      = {2017},
  url       = {https://www.safaribooksonline.com/library/view/continuous-integration-delivery/9781787286610/?ar&orpq},
  isbn      = {9781787286610},
  }
  
  @book{SureStepBook,
  author    = {Nilesh Thakkar, Vincent Bellefroid, Chandru Shankar},
  title     = {Customer Success with Microsoft Dynamics Sure Step},
  publisher = {Packt Publishing},
  year      = {2014},
  url       = {https://learning.oreilly.com/library/view/customer-success-with/9781849687027/},
  isbn      = {9781849687027},
}

@book{D365Book,
  author    = {Andreas Luszczak},
  title     = {Using Microsoft Dynamics 365 for Finance and Operations - Learn and
               understand the functionality of Microsoft's enterprise solution},
  publisher = {Springer Vieweg},
  year      = {2019},
  url       = {https://doi.org/10.1007/978-3-658-24107-0},
  isbn      = {978-3-658-24106-3},
}

@book{D365Book2,
  author    = {JJ Yadav, Yogesh Kasat, Rahul Mohta},
  title     = {Implementing Microsoft Dynamics 365 for Finance and Operations},
  publisher = {Packt Publishing},
  year      = {2017},
  url       = {https://www.safaribooksonline.com/library/view/implementing-microsoft-dynamics/9781787283336/},
  isbn      = {9781787283336},
}